@misc{dosovitskiy2021image,
      title={An Image is Worth 16x16 Words: Transformers for Image Recognition at Scale}, 
      author={Alexey Dosovitskiy and Lucas Beyer and Alexander Kolesnikov and Dirk Weissenborn and Xiaohua Zhai and Thomas Unterthiner and Mostafa Dehghani and Matthias Minderer and Georg Heigold and Sylvain Gelly and Jakob Uszkoreit and Neil Houlsby},
      year={2021},
      eprint={2010.11929},
      archivePrefix={arXiv},
      primaryClass={cs.CV}
}
@misc{vaswani2017attention,
      title={Attention Is All You Need}, 
      author={Ashish Vaswani and Noam Shazeer and Niki Parmar and Jakob Uszkoreit and Llion Jones and Aidan N. Gomez and Lukasz Kaiser and Illia Polosukhin},
      year={2017},
      eprint={1706.03762},
      archivePrefix={arXiv},
      primaryClass={cs.CL}
}
@misc{he2015deep,
      title={Deep Residual Learning for Image Recognition}, 
      author={Kaiming He and Xiangyu Zhang and Shaoqing Ren and Jian Sun},
      year={2015},
      eprint={1512.03385},
      archivePrefix={arXiv},
      primaryClass={cs.CV}
}
@misc{simonyan2015deep,
      title={Very Deep Convolutional Networks for Large-Scale Image Recognition}, 
      author={Karen Simonyan and Andrew Zisserman},
      year={2015},
      eprint={1409.1556},
      archivePrefix={arXiv},
      primaryClass={cs.CV}
}

@misc{kingma2017adam,
      title={Adam: A Method for Stochastic Optimization}, 
      author={Diederik P. Kingma and Jimmy Ba},
      year={2017},
      eprint={1412.6980},
      archivePrefix={arXiv},
      primaryClass={cs.LG}
}

@misc{dai2021coatnet,
      title={CoAtNet: Marrying Convolution and Attention for All Data Sizes}, 
      author={Zihang Dai and Hanxiao Liu and Quoc V. Le and Mingxing Tan},
      year={2021},
      eprint={2106.04803},
      archivePrefix={arXiv},
      primaryClass={cs.CV}
}

@Article{info11020125,
      AUTHOR = {Buslaev, Alexander and Iglovikov, Vladimir I. and Khvedchenya, Eugene and Parinov, Alex and Druzhinin, Mikhail and Kalinin, Alexandr A.},
      TITLE = {Albumentations: Fast and Flexible Image Augmentations},
      JOURNAL = {Information},
      VOLUME = {11},
      YEAR = {2020},
      NUMBER = {2},
      ARTICLE-NUMBER = {125},
      URL = {https://www.mdpi.com/2078-2489/11/2/125},
      ISSN = {2078-2489},
      DOI = {10.3390/info11020125}
}
@book{門脇大輔2019-10-09,
title={Kaggleで勝つデータ分析の技術},
author={門脇, 大輔 and 阪田, 隆司 and 保坂, 桂佑 and 平松, 雄司},
publisher={技術評論社},
year={2019},
month={10},
day={9},
date={2019-10-09},
edition={Kindle版},
language={日本語},
pages={626},
keywords={コンピュータ・IT},
asin={B07YTDBC3Z},
url={https://lead.to/amazon/jp/?op=bt&la=ja&key=B07YTDBC3Z},
url-am={https://www.amazon.co.jp/dp/B07YTDBC3Z/},
price={￥3,428},
condition={新品},
timestamp={2022-01-19},
}
@book{Eli_Stevens2021-01-30,
title={PyTorch実践入門},
author={Eli Stevens and Luca Antiga and Thomas Viehmann},
translator={電通国際情報サービス, 後藤勇輝 and 小川雄太郎 and 櫻井亮佑 and 大串和正},
publisher={マイナビ出版},
year={2021},
month={1},
day={30},
date={2021-01-30},
edition={単行本（ソフトカバー）},
language={日本語},
pages={608},
keywords={情報学・情報科学全般関連書籍},
isbn={978-4839974695},
isbn10={4839974691},
url={https://lead.to/amazon/jp/?op=bt&la=ja&key=4839974691},
url-am={https://www.amazon.co.jp/dp/4839974691/},
url-ci={https://ci.nii.ac.jp/books/search?advanced=true&isbn=9784839974695},
url-go={https://books.google.com/books?isbn=9784839974695},
url-wo={https://www.worldcat.org/search?qt=l2a&q=isbn%3A9784839974695},
price={￥3,982},
condition={新品},
timestamp={2022-01-19},
}
@book{斎藤康毅2016-09-24,
title={ゼロから作るDeep Learning ーPythonで学ぶディープラーニングの理論と実装},
author={斎藤, 康毅},
publisher={オライリージャパン},
year={2016},
month={9},
day={24},
date={2016-09-24},
edition={単行本（ソフトカバー）},
language={日本語},
pages={320},
keywords={プログラミング入門書, 人工知能, ソフトウェア開発・言語},
isbn={978-4873117584},
isbn10={4873117585},
url={https://lead.to/amazon/jp/?op=bt&la=ja&key=4873117585},
url-am={https://www.amazon.co.jp/dp/4873117585/},
url-ci={https://ci.nii.ac.jp/books/search?advanced=true&isbn=9784873117584},
url-go={https://books.google.com/books?isbn=9784873117584},
url-wo={https://www.worldcat.org/search?qt=l2a&q=isbn%3A9784873117584},
price={￥3,740},
condition={新品},
timestamp={2022-01-19},
}


@misc{pythondoc,
      author  = {Python Software Foundation},
      title   = {歴史とライセンス},
      url={https://docs.python.org/ja/3/license.html},
      year    = {2001}
}
@misc{timmdoc,
      author  = {fastai},
      title   = {timmdocs},
      url={https://fastai.github.io/timmdocs/},
      year    = {2021}
}
@misc{torchdoc,
      author  = {PyTorch},
      title   = {PyTorch Documentation Cross Entropy Loss},
      url={https://pytorch.org/docs/stable/index.html},
      year    = {2021}
}