@article{jaeger2004harnessing,
  title     = {Harnessing nonlinearity: Predicting chaotic systems and saving energy in wireless communication},
  author    = {Jaeger, Herbert and Haas, Harald},
  journal   = {science},
  volume    = {304},
  number    = {5667},
  pages     = {78--80},
  year      = {2004},
  publisher = {American Association for the Advancement of Science},
}
@article{maass2002real,
  title     = {Real-time computing without stable states: A new framework for neural computation based on perturbations},
  author    = {Maass, Wolfgang and Natschl{\"a}ger, Thomas and Markram, Henry},
  journal   = {Neural computation},
  volume    = {14},
  number    = {11},
  pages     = {2531--2560},
  year      = {2002},
  publisher = {MIT Press},
}